<?xml version="1.0" encoding="UTF-8"?><collection xmlns="http://www.loc.gov/MARC21/slim"><record><leader>00477nam--2200181-i-4500</leader><controlfield tag="001">000016865</controlfield><controlfield tag="002">20161230</controlfield><controlfield tag="005">20161230201032</controlfield><controlfield tag="008">060222s1000------------r-----000-0-eng-d</controlfield><datafield ind1=" " ind2=" " tag="020"><subfield code="a">0553342584</subfield></datafield><datafield ind1=" " ind2=" " tag="040"><subfield code="a">IFIN-HH</subfield></datafield><datafield ind1=" " ind2=" " tag="080"><subfield code="a">524.852</subfield></datafield><datafield ind1="1" ind2=" " tag="100"><subfield code="a">Gribbin, John</subfield></datafield><datafield ind1="1" ind2="0" tag="245"><subfield code="a">In search of the big bang. quantum physics and cosmology</subfield><subfield code="c">John gribbin</subfield></datafield><datafield ind1=" " ind2=" " tag="260"><subfield code="a">Toronto</subfield><subfield code="b">Bantam Books</subfield><subfield code="c">1986</subfield></datafield><datafield ind1=" " ind2=" " tag="300"><subfield code="a">XVIII+413P</subfield></datafield><datafield ind1=" " ind2=" " tag="852"><subfield code="a">78869</subfield><subfield code="c">423</subfield></datafield><datafield ind1=" " ind2=" " tag="CAT"><subfield code="a">Sys</subfield><subfield code="c">20141209</subfield><subfield code="h">154911</subfield></datafield></record></collection>